    %%
    %% Arquivo de referências bibliográficas.
    %%

    % LIVRO EXEMPLO
@incollection{souza-et-al:iism08,
    title = {{Designing Web Information Systems for a Framework-based Construction}},
    author = {Souza, V\'{\i}tor E. S. and Falbo, Ricardo A. and Guizzardi, Giancarlo},
    booktitle = {Innovations in Information Systems Modeling: Methods and Best Practices},
    chapter = {11},
    edition = {1},
    editor = {Halpin, Terry and Proper, Eric and Krogstie, John},
    pages = {203--237},
    publisher = {IGI Global},
    series = {Lecture Notes in Computer Science},
    volume = {7475},
    year = {2008}
}

    % ARTIGO EXEMPLO
@article{souza-et-al:csrd13,
    title = {{Requirements-driven software evolution}},
    author = {Souza, V\'{\i}tor E. Silva and Lapouchnian, Alexei and Angelopoulos, Konstantinos and Mylopoulos, John},
    editor = {Wellings, Andy},
    journal = {Computer Science - Research and Development},
    number = {4},
    pages = {311--329},
    publisher = {Springer},
    volume = {28},
    year = {2013}
}

    %-----------------------------------------------------------------------------------------------
@article{eiselt-laporte-pmjors87,
    title = {{Combinatorial Optimization Problems with Soft and Hard Requirements}},
    author = {EISELT, H. A. and LAPORTE, G.},
    editor = {Wellings, Andy},
    journal = {Palgrave Macmillan Journals on behalf of the Operational Research Society},
    number = {9},
    pages = {785--795},
    publisher = {Springer},
    volume = {38},
    year = {1987}
}

@inproceedings{wren-1995,
    author = {Wren, Anthony},
    title = {Scheduling, Timetabling and Rostering - A Special Relationship?},
    year = {1995},
    isbn = {3540617949},
    publisher = {Springer-Verlag},
    address = {Berlin, Heidelberg},
    booktitle = {Selected Papers from the First International Conference on Practice and Theory of Automated Timetabling},
    pages = {46–75},
    numpages = {30}
}

@article{ceschia-gaspero-shaerf-2012,
    author = {Ceschia, Sara and Di Gaspero, Luca and Schaerf, Andrea},
    title = {Design, {E}ngineering, and {E}xperimental {A}nalysis of a {S}imulated {A}nnealing {A}pproach to the {P}ost-{E}nrolment {C}ourse {T}imetabling {P}roblem},
    year = {2012},
    issue_date = {July, 2012},
    publisher = {Elsevier Science Ltd.},
    address = {GBR},
    volume = {39},
    number = {7},
    issn = {0305-0548},
    url = {https://doi.org/10.1016/j.cor.2011.09.014},
    doi = {10.1016/j.cor.2011.09.014},
    journal = {Comput. Oper. Res.},
    month = jul,
    pages = {1615–1624},
    numpages = {10},
    keywords = {Simulated Annealing, Metaheuristics, Course timetabling}
}

@inproceedings{elmohamed1997comparison,
  title={A comparison of annealing techniques for academic course scheduling},
  author={Elmohamed, MA Saleh and Coddington, Paul and Fox, Geoffrey},
  booktitle={International Conference on the Practice and Theory of Automated Timetabling},
  pages={92--112},
  year={1997},
  organization={Springer}
}

@article{ferland1985timetabling,
    title={Timetabling problem for university as assignment of activities to resources},
    author={Ferland, Jacques A and Roy, Serge},
    journal={Computers \& operations research},
    volume={12},
    number={2},
    pages={207--218},
    year={1985},
    publisher={Elsevier}
}

@article{kirkpatrick1983optimization,
    title={Optimization by {S}imulated {A}nnealing},
    author={Kirkpatrick, Scott and Gelatt, C Daniel and Vecchi, Mario P},
    journal={Science},
    volume={220},
    number={4598},
    pages={671--680},
    year={1983},
    publisher={American association for the advancement of science}
}

@inproceedings{kostuch2004university,
    title={The university course timetabling problem with a three-phase approach},
    author={Kostuch, Philipp},
    booktitle={International Conference on the Practice and Theory of Automated Timetabling},
    pages={109--125},
    year={2004},
    organization={Springer}
}

@article{lewis2008survey,
    title={A survey of metaheuristic-based techniques for university timetabling problems},
    author={Lewis, Rhydian},
    journal={OR spectrum},
    volume={30},
    number={1},
    pages={167--190},
    year={2008},
    publisher={Springer}
}

@phdthesis{mauri2005novas,
    title={Novas heur{\'\i}sticas para o problema de escalonamento de tripula{\c{c}}{\~o}es},
    author={Mauri, Geraldo Regis},
    year={2005},
    school={Master Thesis in Applied Computing. Brasilian Institute for Space Research}
}

@inproceedings{patat-2008,
    title={International Timetabling Competition},
    author={PATAT},
    year={2008},
}

@MastersThesis{rocha2013algoritmo,
    title={Algoritmo {GRASP} para o problema de tabela-hor{\'a}rio de universidades},
    author={Rocha, WS},
    year={2013},
    school={Mestrado em Informática, Universidade Federal do Esp{\'\i}rito Santo}
}


@inproceedings{resende1996grasp,
  title={A {GRASP} for satisfiability},
  author={Resende, Mauricio GC and Feo, Thomas A},
  booktitle={Cliques, Coloring, and Satisfiability: The second {DIMACS} implementation challenge, Volume 26 of {DIMACS} Series on discrete mathematics and theoretical computer science},
  pages={499--520},
  year={1996},
  organization={Citeseer}
}


@article{segatto2017,
    title={Um Algoritmo {GRASP} com {C}adeia de {K}empe {A}plicado ao {P}roblema de {T}abela-hor{\'a}rio para {U}niversidades},
    author={de Almeida Segatto, Erika and Boeres, Maria Claudia Silva and Rangel, Maria Cristina and Kampke, Edmar Hell},
    year={2017},
    school={Master’s thesis, Universidade Federal do Esp{\'\i}rito Santo}
}

@article{santos2007programaccao,
    title={Programa{\c{c}}{\~a}o de hor{\'a}rios em institui{\c{c}}{\~o}es educacionais: formula{\c{c}}{\~o}es e algoritmos},
    author={Santos, Haroldo Gambini and Souza, Marcone Jamilson Freitas},
    journal={XXXIX SBPO-Simp{\'o}sio Brasileiro de Pesquisa Operacional},
    number={1},
    pages={2827--2882},
    year={2007}
}

@article{schaerf1999survey,
  title={A survey of automated timetabling},
  author={Schaerf, Andrea},
  journal={Artificial intelligence review},
  volume={13},
  number={2},
  pages={87--127},
  year={1999},
  publisher={Springer}
}

@article{schmidt1980timetable,
  title={Timetable construction--an annotated bibliography},
  author={Schmidt, Gunther and Str{\"o}hlein, Thomas},
  journal={The Computer Journal},
  volume={23},
  number={4},
  pages={307--316},
  year={1980},
  publisher={Oxford University Press}
}

@article{souza2000programaccao,
  title={Programa{\c{c}}{\~a}o de hor{\'a}rios em escolas: uma aproxima{\c{c}}{\~a}o por metaheur{\'\i}sticas},
  author={Souza, Marcone Jamilson Freitas},
  journal={Rio de Janeiro},
  year={2000}
}

@article{tripathy1984school,
  title={School timetabling—a case in large binary integer linear programming},
  author={Tripathy, Arabinda},
  journal={Management science},
  volume={30},
  number={12},
  pages={1473--1489},
  year={1984},
  publisher={INFORMS}
}

@article{feo1989probabilistic,
  title={A probabilistic heuristic for a computationally difficult set covering problem},
  author={Feo, Thomas A and Resende, Mauricio GC},
  journal={Operations research letters},
  volume={8},
  number={2},
  pages={67--71},
  year={1989},
  publisher={Elsevier}
}

@article{feo1995greedy,
  title={Greedy randomized adaptive search procedures},
  author={Feo, Thomas A and Resende, Mauricio GC},
  journal={Journal of global optimization},
  volume={6},
  number={2},
  pages={109--133},
  year={1995},
  publisher={Springer}
}

@article{feo1994greedy,
  title={A greedy randomized adaptive search procedure for maximum independent set},
  author={Feo, Thomas A. and Resende, Mauricio G. C. and Smith, Stuart H.},
  journal={Operations Research},
  volume={42},
  number={5},
  pages={860--878},
  year={1994},
  publisher={INFORMS}
}

@inproceedings{burke1994genetic,
  title={A genetic algorithm based university timetabling system},
  author={Burke, Edmund K and Elliman, David and Weare, Rupert},
  booktitle={Proceedings of the 2nd east-west international conference on computer technologies in education},
  volume={1},
  pages={35--40},
  year={1994}
}

@inproceedings{burke1995memetic,
  title={A memetic algorithm for university exam timetabling},
  author={Burke, Edmund K and Newall, James P and Weare, Rupert F},
  booktitle={international conference on the practice and theory of automated timetabling},
  pages={241--250},
  year={1995},
  organization={Springer}
}

@article{daabordagem,
  title={Uma abordagem híbrida de {SAT} e {BUSCA TABU} para o problema da programação de horários escolares},
  author={da Fonseca, George Henrique Godim and Ribeiro, Rodrigo Geraldo and Martins, Fl{\'a}vio Vin{\'\i}cius Cruzeiro},
  journal={XLIIII SBPO-Simp{\'o}sio Brasileiro de Pesquisa Operacional},
  pages={591--602},
  year={2011}
}

@inproceedings{gotlieb1962construction,
  title={The construction of class-teacher time-tables},
  author={Gotlieb, CC},
  booktitle={Communications of the ACM},
  volume={5},
  number={6},
  pages={312--313},
  year={1962},
  organization={ASSOC COMPUTING MACHINERY 1515 BROADWAY, NEW YORK, NY 10036}
}

@article{li1994greedy,
  title={A greedy randomized adaptive search procedure for the quadratic assignment problem},
  author={Li, Y. and Pardalos, P. M. and Resende, M. C. G.},
  journal={Quadratic Assignment and Related Problems, DIMACS Series on Discrete Mathematics and Theoretical Computer Science},
  volume={16},
  pages={237--261},
  year={1994}
}

@article{machado2009proposta,
  title={Uma proposta de formula{\c{c}}{\~a}o do problema de programa{\c{c}}{\~a}o de tabela-hor{\'a}rio de exames de Toronto via colora{\c{c}}{\~a}o de grafos e sua resolu{\c{c}}{\~a}o pelo algoritmo de busca tabu},
  author={Machado, Andr{\'e} Manh{\~a}es and Boeres, Maria Claudia Silva},
  journal={XLI SBPO-Pesquisa Operacional na Gest{\~a}o do Conhecimento},
  year={2009}
}

@article{mariano2014alns,
  title={Resolução do problema de programação de horários de disciplinas do {CCA-UFES} utilizando a meta-heurística {ALNS}},
  author={Mariano, G. P.},
  year={2014},
  publisher={Universidade Federal do Espírito Santo}
}

@inproceedings{vital2015grasp,
  title={Meta-Heur{\'i}stica {GRASP} para o {P}roblema de {T}abela-hor{\'a}rio de {D}isciplinas do {D}epartamento de {C}omputa{\c{c}}{\~a}o do {CCA-UFES}},
  author={Moreira, Lucas Vital and Monteiro, Renan Costalonga and Kampke, Edmar Hell and Mauri, Geraldo Regis},
  booktitle={Anais do XLVIII Simp{\'o}sio Brasileiro de Pesquisa Operacional},
  pages={2171--2182},
  year={2016},
  publisher={SOBRAPO},
  address={Rio de Janeiro, RJ, Brasil}
}

@article{carvalho2016etal,
  title={Simulated {A}nnealing aplicado ao problema de programação de horários do {CCA-UFES}},
  author={Carvalho, A. S and Mariano, G. P. and Kampke, E. H. and Mauri, G. R.},
  year={2016},
  publisher={Universidade Federal do Espírito Santo}
}

@article{muller2009itc2007,
  title={{ITC2007} solver description: a hybrid approach},
  author={M{\"u}ller, Tom{\'a}{\v{s}}},
  journal={Annals of Operations Research},
  volume={172},
  number={1},
  pages={429},
  year={2009},
  publisher={Springer}
}

@article{ostermann1982some,
  title={Some experiments with a timetabling system},
  author={Ostermann, R and de Werra, Dominique},
  journal={Operations-Research-Spektrum},
  volume={3},
  number={4},
  pages={199--204},
  year={1982},
  publisher={Springer}
}

@article{cangolovic1991exact,
  title={Exact coloring algorithms for weighed graphs applied to timetabling problems with lectures of different lenghths},
  author={{\v{C}}angalovi{\'c}, M. and Schreuder, Jan AM},
  journal={European Journal of Operational Research},
  volume={51},
  pages={248--258},
  year={1991}
}

@article{neufeld1975generalized,
  title={Generalized graph colorations},
  author={Neufeld, GA and Tartar, J},
  journal={SIAM Journal on Applied Mathematics},
  volume={29},
  number={1},
  pages={91--98},
  year={1975},
  publisher={SIAM}
}

@article{wood1969technique,
  title={A technique for colouring a graph applicable to large scale timetabling problems},
  author={Wood, David C},
  journal={The Computer Journal},
  volume={12},
  number={4},
  pages={317--319},
  year={1969},
  publisher={Oxford University Press}
}

@article{resende1997grasp,
  title={A {GRASP} for graph planarization},
  author={Resende, Mauricio GC and Ribeiro, Celso C},
  journal={Networks: An International Journal},
  volume={29},
  number={3},
  pages={173--189},
  year={1997},
  publisher={Wiley Online Library}
}

@article{resende2003grasp,
  title={A {GRASP} with path-relinking for private virtual circuit routing},
  author={Resende, Mauricio GC and Ribeiro, Celso C},
  journal={Networks: An International Journal},
  volume={41},
  number={2},
  pages={104--114},
  year={2003},
  publisher={Wiley Online Library}
}